@online{Docker1199:online,
    author = {},
    title = {{Docker 1.11: The first runtime built on containerd and based on OCI technology - Docker Blog}},
    url = {https://blog.docker.com/2016/04/docker-engine-1-11-runc/},
    month = {},
    year = {},
    urldate = {23-May-2017}
}

@article{botta2010you,
    title={Do you trust your software-based traffic generator?},
    author={Botta, Alessio and Dainotti, Alberto and Pescap{\'e}, Antonio},
    journal={IEEE Communications Magazine},
    volume={48},
    number={9},
    year={2010},
    publisher={IEEE}
}

@inproceedings{molnar2013validate,
    title={How to validate traffic generators?},
    author={Moln{\'a}r, S{\'a}ndor and Megyesi, Peter and Szabo, Geza},
    booktitle={Communications Workshops (ICC), 2013 IEEE International Conference on},
    pages={1340--1344},
    year={2013},
    organization={IEEE}
}

@inproceedings{kolahi2011performance,
    title={Performance monitoring of various network traffic generators},
    author={Kolahi, Samad S and Narayan, Shaneel and Nguyen, Du DT and Sunarto, Yonathan},
    booktitle={Computer Modelling and Simulation (UKSim), 2011 UkSim 13th International Conference on},
    pages={501--506},
    year={2011},
    organization={IEEE}
}

@inproceedings{srivastava2014evaluation,
    title={{Evaluation of traffic generators over a 40Gbps link}},
    author={Srivastava, Shalvi and Anmulwar, Sweta and Sapkal, AM and Batra, Tarun and Gupta, Anil and Kumar, Vinodh},
    booktitle={Computer Aided System Engineering (APCASE), 2014 Asia-Pacific Conference on},
    pages={43--47},
    year={2014},
    organization={IEEE}
}

@inproceedings{srivastava2014comparative,
    title={Comparative study of various traffic generator tools},
    author={Srivastava, Shalvi and Anmulwar, Sweta and Sapkal, AM and Batra, Tarun and Gupta, Anil Kumar and Kumar, Vinodh},
    booktitle={Engineering and Computational Sciences (RAECS), 2014 Recent Advances in},
    pages={1--6},
    year={2014},
    organization={IEEE}
}

@online{DITGDist48:online,
    author = {},
    title = {{Other Internet Traffic Generators}},
    url = {http://www.grid.unina.it/software/ITG/link.php},
    organization = {University of Napoli Federico II},
    month = {},
    year = {},
    urldate = {21-May-2017}
}

@online{Packetge32:online,
    author = {{Wikipedia contributors}},
    title = {{Packet generator}},
    organization = {Wikipedia, The Free Encyclopedia},
    url = {https://en.wikipedia.org/wiki/Packet_generator},
    month = {},
    year = {},
    urldate = {25-May-2017}
}


@online{ToolsThe22:online,
    author = {{Wireshark wiki contributors}},
    title = {{Tools}},
    url = {https://wiki.wireshark.org/Tools},
    organization = {Wireshark},
    month = {},
    year = {},
    urldate = {23-June-2017}
}

@article{piccolo2016tools,
    title={Tools and techniques for computational reproducibility},
    author={Piccolo, Stephen R and Frampton, Michael B},
    journal={GigaScience},
    volume={5},
    number={1},
    pages={30},
    year={2016},
    publisher={BioMed Central}
}

@article{boettiger2015introduction,
    title={An introduction to Docker for reproducible research},
    author={Boettiger, Carl},
    journal={ACM SIGOPS Operating Systems Review},
    volume={49},
    number={1},
    pages={71--79},
    year={2015},
    publisher={ACM}
}

@article{Chamberlain2014,
    author = "Ryan Chamberlain and Jennifer Schommer",
    title = "{Using Docker to Support Reproducible Research}",
    year = "2014",
    month = "7",
    NOTE =  "{[Online]. Available: }\url{https://doi.org/10.6084/m9.figshare.1101910.v1} and \url{https://figshare.com/articles/Using_Docker_to_Support_Reproducible_Research/1101910}"
}

@article{turull2016pktgen,
    title={Pktgen: Measuring performance on high speed networks},
    author={Turull, Daniel and Sj{\"o}din, Peter and Olsson, Robert},
    journal={Computer Communications},
    volume={82},
    pages={39--48},
    year={2016},
    publisher={Elsevier}
}

@inproceedings{emmerich2015moongen,
    title={{MoonGen: a scriptable high-speed packet generator}},
    author={Emmerich, Paul and Gallenm{\"u}ller, Sebastian and Raumer, Daniel and Wohlfart, Florian and Carle, Georg},
    booktitle={Proceedings of the 2015 ACM Conference on Internet Measurement Conference},
    pages={275--287},
    year={2015},
    organization={ACM}
}

@article{antichi2014osnt,
    title={Osnt: Open source network tester},
    author={Antichi, Gianni and Shahbaz, Muhammad and Geng, Yilong and Zilberman, Noa and Covington, Adam and Bruyere, Marc and McKeown, Nick and Feamster, Nick and Felderman, Bob and Blott, Michaela and others},
    journal={IEEE Network},
    volume={28},
    number={5},
    pages={6--12},
    year={2014},
    publisher={IEEE}
}

@inproceedings{ghobadi2012caliper,
    title={Caliper: Precise and responsive traffic generator},
    author={Ghobadi, Monia and Salmon, Geoffrey and Ganjali, Yashar and Labrecque, Martin and Steffan, J Gregory},
    booktitle={High-Performance Interconnects (HOTI), 2012 IEEE 20th Annual Symposium on},
    pages={25--32},
    year={2012},
    organization={IEEE}
}

@online{Networkd93:online,
    author = {},
    title = {{Network, devices \& services testing - Spirent}},
    url = {https://www.spirent.com/},
    organization = {Spirent Communications},
    month = {},
    year = {},
    urldate = {25-May-2017}
}

@online{IxiaMake81:online,
    author = {},
    title = {{Ixia Makes Applications Stronger}},
    url = {https://www.ixiacom.com/},
    organization = {Ixia},
    month = {},
    year = {},
    urldate = {25-May-2017}
}

@online{Programm92:online,
    author = {Carstens, Tim and Harris, Guy},
    title = {Programming with pcap},
    url = {http://www.tcpdump.org/pcap.html},
    organization = {TCPDUMP/LIBPCAP},
    month = {},
    year = {},
    urldate = {21-June-2017}
}


@online{iPerfThe63:online,
    author = {},
    title = {{iPerf - The TCP, UDP and SCTP network bandwidth measurement tool}},
    url = {https://iperf.fr/},
    organization = {The Iperf team},
    month = {},
    year = {},
    urldate = {21-June-2017}
}

@online{netsniff7:online,
    author = {netsniff-ng},
    title = {{netsniff-ng: A Swiss army knife for your daily Linux network plumbing.}},
    url = {https://github.com/netsniff-ng/netsniff-ng},
    organization = {Github repository},
    month = {},
    year = {},
    urldate = {21-June-2017}
}

@online{Ostinato63:online,
    author = {Srivats, P},
    title = {{Ostinato Network Traffic Generator}},
    url = {http://ostinato.org/},
    month = {},
    year = {},
    urldate = {21-June-2017}
}

@online{TCPDUMPL66:online,
    author = {},
    title = {{TCPDUMP/LIBPCAP public repository}},
    url = {http://www.tcpdump.org/index.html},
    organization = {TCPDUMP/LIBPCAP},
    month = {},
    year = {},
    urldate = {23-June-2017}
}

@inproceedings{bonelli2005brute,
    title={Brute: A high performance and extensible traffic generator},
    author={Bonelli, Nicola and Giordano, Stefano and Procissi, Gregorio and Secchi, Raffaello},
    booktitle={Proc. of SPECTS},
    pages={839--845},
    year={2005}
}

@inproceedings{gallenmuller2015comparison,
    title={{Comparison of frameworks for high-performance packet IO}},
    author={Gallenm\"uller, Sebastian and Emmerich, Paul and Wohlfart, Florian and Raumer, Daniel and Carle, Georg},
    booktitle={Architectures for Networking and Communications Systems (ANCS), 2015 ACM/IEEE Symposium on},
    pages={29--38},
    year={2015},
    organization={IEEE}
}

@online{infoietu32:online,
    author = {Luigi, Rizzo},
    title = {{netmap - the fast packet I/O framework}},
    url = {http://info.iet.unipi.it/~luigi/netmap/},
    organization = {Universit\`a di Pisa},
    month = {},
    year = {},
    urldate = {25-May-2017}
}

@online{DPDK35:online,
    author = {},
    title = {{DPDK}},
    url = {http://dpdk.org/},
    organization = {Linux Foundation Project},
    month = {},
    year = {},
    urldate = {25-May-2017}
}


@online{PFRINGn1:online,
    author = {},
    title = {{PF\_RING}},
    url = {http://www.ntop.org/products/packet-capture/pf_ring/},
    organization = {ntop},
    month = {},
    year = {},
    urldate = {25-May-2017}
}

@online{emmericp44:online,
    author = {emmericp},
    title = {{MoonGen: MoonGen is a fully scriptable high-speed packet generator built on DPDK and LuaJIT.}},
    url = {https://github.com/emmericp/MoonGen},
    organization = {Github repository},
    month = {},
    year = {},
    urldate = {27-June-2017}
}

@online{TRex62:online,
    author = {},
    title = {{TRex}},
    url = {https://trex-tgn.cisco.com/},
    organization = {Cisco},
    month = {},
    year = {},
    urldate = {27-June-2017}
}

@article{raumer2015performance,
    title={Performance exploration of software-based packet processing systems},
    author={Raumer, Daniel and Wohlfart, Florian and Scholz, Dominik and Emmerich, Paul and Carle, Georg},
    journal={Leistungs-, Zuverl{\"a}ssigkeits-und Verl{\"a}sslichkeitsbewertung von Kommunikationsnetzen und verteilten Systemen},
    volume={8},
    year={2015}
}

@article{emmerich2015assessing,
    title={{Assessing soft-and hardware bottlenecks in PC-based packet forwarding systems}},
    author={Emmerich, Paul and Raumer, Daniel and Wohlfart, Florian and Carle, Georg},
    journal={ICN 2015},
    pages={90},
    year={2015}
}

@inproceedings{braun2010comparing,
    title={Comparing and improving current packet capturing solutions based on commodity hardware},
    author={Braun, Lothar and Didebulidze, Alexander and Kammenhuber, Nils and Carle, Georg},
    booktitle={Proceedings of the 10th ACM SIGCOMM conference on Internet measurement},
    pages={206--217},
    year={2010},
    organization={ACM}
}

@online{networki54:online,
    author = {{Linux Foundation wiki contributors}},
    title = {{networking:sk\_buff}},
    url = {https://wiki.linuxfoundation.org/networking/sk_buff},
    organization = {The Linux Foundation},
    month = {},
    year = {},
    urldate = {2-July-2017}
}

@article{daniels2009server,
    title={Server virtualization architecture and implementation},
    author={Daniels, Jeff},
    journal={Crossroads},
    volume={16},
    number={1},
    pages={8--12},
    year={2009},
    publisher={ACM}
}

@book{srinivasan2014cloud,
    title={Cloud computing basics},
    author={Srinivasan, S},
    year={2014},
    publisher={Springer}
}

@article{cherkaoui2014virtualization,
    title={Virtualization, cloud, sdn, and sddc in data centers},
    author={Cherkaoui, Omar and Menon, Ramesh and Geng, Hwaiyu},
    journal={Data Center Handbook},
    pages={389--400},
    year={2014},
    publisher={John Wiley \& Sons}
}

@book{bauer2012reliability,
    title={Reliability and availability of cloud computing},
    author={Bauer, Eric and Adams, Randee},
    year={2012},
    publisher={John Wiley \& Sons}
}

@inproceedings{xavier2013performance,
    title={Performance evaluation of container-based virtualization for high performance computing environments},
    author={Xavier, Miguel G and Neves, Marcelo V and Rossi, Fabio D and Ferreto, Tiago C and Lange, Timoteo and De Rose, Cesar AF},
    booktitle={Parallel, Distributed and Network-Based Processing (PDP), 2013 21st Euromicro International Conference on},
    pages={233--240},
    year={2013},
    organization={IEEE}
}

@online{namespac0:online,
    author = {Michael, Kerrisk},
    title = {{namespaces(7) - Linux manual page}},
    url = {http://man7.org/linux/man-pages/man7/namespaces.7.html},
    month = {},
    year = {},
    urldate = {20-May-2017}
}

@inproceedings{joy2015performance,
    title={Performance comparison between linux containers and virtual machines},
    author={Joy, Ann Mary},
    booktitle={Computer Engineering and Applications (ICACEA), 2015 International Conference on Advances in},
    pages={342--346},
    year={2015},
    organization={IEEE}
}

@online{TheEvolu99:online,
    author = {Imesh, Gunaratne},
    title = {{The Evolution of Linux Containers and Their Future}},
    url = {https://dzone.com/articles/evolution-of-linux-containers-future},
    organization = {DZone Cloud Zone},
    date = {18},
    month = {July},
    year = {2016},
    urldate = {21-May-2017}
}

@online{Momentsi23:online,
    author = {},
    title = {{Moments in Container History}},
    url = {https://content.pivotal.io/infographics/moments-in-container-history},
    organization = {Pivotal},
    month = {},
    year = {},
    urldate = {21-May-2017}
}

@online{ABriefHi14:online,
    author = {Rani, Osnat},
    title = {{A Brief History of Containers: From 1970s chroot to Docker 2016}},
    url = {http://blog.aquasec.com/a-brief-history-of-containers-from-1970s-chroot-to-docker-2016},
    organization = {Aqua Security},
    date = {5},
    month = {May},
    year = {2016},
    urldate = {21-May-2017}
}

@online{TheHisto4:online,
    author = {{thilred}},
    title = {{The History of Containers}},
    url = {http://rhelblog.redhat.com/2015/08/28/the-history-of-containers/},
    organization = {Red Hat Enterprise Linux Blog},
    date = {28},
    month = {August},
    year = {2015},
    urldate = {21-May-2017}
}

@online{AboutOp82:online,
    author = {{Open Container Initiative}},
    title = {About},
    url = {https://www.opencontainers.org/about},
    organization = {The Linux Foundation},
    month = {},
    year = {},
    urldate = {21-May-2017}
}

@online{Projects37:online,
    author = {},
    title = {Projects},
    url = {https://www.linuxfoundation.org/projects},
    organization={The Linux Foundation},
    month = {},
    year = {},
    urldate = {23-May-2017}
}

@online{mobymoby68:online,
    author = {{moby}},
    title = {{moby: Moby Project - a collaborative project for the container ecosystem to assemble container-based systems}},
    url = {https://github.com/moby/moby},
    organization = {Github repository},
    month = {},
    year = {},
    urldate = {23-May-2017}
}

@online{WhatisDo49:online,
    author = {},
    title = {{What is Docker?}},
    url = {https://www.docker.com/what-docker},
    organization = {Docker},
    month = {},
    year = {},
    urldate = {23-May-2017}
}


@online{dockerli21:online,
    author = {{docker}},
    title = {libcontainer: {PROJECT MOVED TO RUNC}},
    url = {https://github.com/docker/libcontainer},
    organization={Github repository},
    month = {},
    year = {},
    urldate = {23-May-2017}
}


@online{opencont67:online,
    author = {{opencontainers}},
    title = {{runc: CLI tool for spawning and running containers according to the OCI specification}},
    url = {https://github.com/opencontainers/runc},
    organization = {Github repository},
    month = {},
    year = {},
    urldate = {25-May-2017}
}

@online{containe72:online,
    author = {{containerd}},
    title = {{containerd: An open and reliable container runtime}},
    url = {https://github.com/containerd/containerd},
    organization = {Github repository},
    month = {},
    year = {},
    urldate = {25-May-2017}
}

@online{Anatomyo69:online,
    author = {J\'er\^ome Petazzoni},
    title = {{Anatomy of a Container: Namespaces, cgroups \& Some Filesystem Magic}},
    url = {https://www.slideshare.net/jpetazzo/anatomy-of-a-container-namespaces-cgroups-some-filesystem-magic-linuxcon},
    month = {},
    year = {},
    urldate = {8-July-2017}
}

@inproceedings{felter2015updated,
    title={An updated performance comparison of virtual machines and linux containers},
    author={Felter, Wes and Ferreira, Alexandre and Rajamony, Ram and Rubio, Juan},
    booktitle={Performance Analysis of Systems and Software (ISPASS), 2015 IEEE International Symposium on},
    pages={171--172},
    year={2015},
    organization={IEEE}
}

@inproceedings{chung2016using,
    title={Using Docker in high performance computing applications},
    author={Chung, Minh Thanh and Quang-Hung, Nguyen and Nguyen, Manh-Thin and Thoai, Nam},
    booktitle={Communications and Electronics (ICCE), 2016 IEEE Sixth International Conference on},
    pages={52--57},
    year={2016},
    organization={IEEE}
}


@article{sandve2013ten,
    title={Ten simple rules for reproducible computational research},
    author={Sandve, Geir Kjetil and Nekrutenko, Anton and Taylor, James and Hovig, Eivind},
    journal={PLoS computational biology},
    volume={9},
    number={10},
    pages={e1003285},
    year={2013},
    publisher={Public Library of Science}
}

@online{iperf2do7:online,
    author = {{rjmcmahon}},
    title = {iperf2},
    url = {https://sourceforge.net/projects/iperf2/},
    organization = {SourceForge project},
    month = {},
    year = {},
    urldate = {21-June-2017}
}

@online{Serverle80:online,
    author = {{esnet}},
    title = {{iperf: ``Serverless client'' UDP test} $\cdot$ {Issue} \#{194} $\cdot$ {esnet/iperf}},
    url = {https://github.com/esnet/iperf/issues/194},
    url = {Github repository},
    month = {},
    year = {},
    urldate = {21-June-2017}
}

@online{UbuntuMa4:online,
    author = {Dustin, Kirkland},
    title = {{mausezahn - a fast versatile packet generator with Cisco-cli}},
    url = {http://manpages.ubuntu.com/manpages/xenial/man8/mausezahn.8.html},
    organization = {Ubuntu Manpage Repository},
    month = {},
    year = {},
    urldate = {21-June-2017}
}

@online{pstavirs92:online,
    author = {{pstavirs}},
    title = {{ostinato: Ostinato - Packet/Traffic Generator and Analyzer}},
    url = {https://github.com/pstavirs/ostinato},
    organization = {Github repository},
    month = {},
    year = {},
    urldate = {21-June-2017}
}

@online{WinPcapH61:online,
    author = {},
    title = {WinPcap},
    url = {https://www.winpcap.org/},
    organization = {Riverbed Technology},
    month = {},
    year = {},
    urldate = {23-June-2017}
}

@article{meyer2013measurement,
    title={Measurement and simulation of high-performance packet processing in software routers},
    author={Meyer, Torsten and Wohlfart, Florian and Raumer, Daniel and Wolfinger, Bernd E and Carle, Georg},
    journal={Leistungs-, Zuverl{\"a}ssigkeits-und Verl{\"a}sslichkeitsbewertung von Kommunikationsnetzen und verteilten Systemen},
    volume={7},
    year={2013}
}

@online{Chapter680:online,
    author = {},
    title = {{6.6. Internal networking}},
    url = {https://www.virtualbox.org/manual/ch06.html#network_internal},
    organization = {Oracle Corporation},
    month = {},
    year = {},
    urldate = {30-June-2017}
}
